<record><leader>00000cas a22000007a 4500</leader><controlfield tag="001">19950157</controlfield><controlfield tag="008">890629d19141917mouwr ne      0    0eng d</controlfield><datafield ind1=" " ind2=" " tag="010"><subfield code="a">sn 89066776 </subfield></datafield><datafield ind1=" " ind2=" " tag="040"><subfield code="a">MQN</subfield><subfield code="b">eng</subfield><subfield code="c">MQN</subfield><subfield code="d">OCLCQ</subfield></datafield><datafield ind1=" " ind2=" " tag="042"><subfield code="a">msc</subfield></datafield><datafield ind1="0" ind2="4" tag="245"><subfield code="a">The Illmo jimplicute.</subfield></datafield><datafield ind1="1" ind2="7" tag="246"><subfield code="a">Tri-city weekly jimplicute</subfield></datafield><datafield ind1=" " ind2=" " tag="260"><subfield code="a">Illmo, Mo. :</subfield><subfield code="b">E.L. Purcell,</subfield><subfield code="c">1914-1917.</subfield></datafield><datafield ind1=" " ind2=" " tag="300"><subfield code="a">v.</subfield></datafield><datafield ind1=" " ind2=" " tag="310"><subfield code="a">Weekly</subfield></datafield><datafield ind1="0" ind2=" " tag="362"><subfield code="a">Vol. 1, no. 1 (Dec. 24, 1914)-v. 3, no. 18 (Apr. 26, 1917).</subfield></datafield><datafield ind1=" " ind2=" " tag="752"><subfield code="a">United States</subfield><subfield code="b">Missouri</subfield><subfield code="c">Scott</subfield><subfield code="d">Illmo.</subfield></datafield><datafield ind1="0" ind2="0" tag="785"><subfield code="t">Jimplicute (Illmo, Mo. : 1917)</subfield><subfield code="w">(DLC)sn 89066777</subfield></datafield></record>